@Book{DOD,
author = {Richard Fabian},
title = {Data-Oriented Design: Software Engineering for Limited Resources and Short Schedules},
publisher = {DataOrientedDesign.com},
year = {2018}
}

@Article{Data-OrientedDesign,
author = {Noel Llopis},
title = {Data-Oriented Design (Or Why You Might Be Shooting Yourself in The Foot With OOP)},
journal = {www.gamedeveloper.com},
year = {2009}
}
@Misc{Burst-Unite_LA,
author = {Unity},
title = {ECS Track: Deep Dive into the Burst Compiler - Unite LA},
howpublished = {https://youtu.be/QkM6zEGFhDY?t=1633},
date = {21.11.2018}
}